<record><leader>00000cas a2200000 a 4500</leader><controlfield tag="001">5739660</controlfield><controlfield tag="008">791129d185u1877nyuwr ne      0   a0wel d</controlfield><datafield ind1=" " ind2=" " tag="010"><subfield code="a">sn 79007717 </subfield></datafield><datafield ind1=" " ind2=" " tag="040"><subfield code="a">NSD</subfield><subfield code="b">eng</subfield><subfield code="c">NSD</subfield><subfield code="d">MUL</subfield><subfield code="d">NSD</subfield><subfield code="d">NPX</subfield><subfield code="d">OCL</subfield><subfield code="d">NST</subfield><subfield code="d">HUL</subfield><subfield code="d">NYS</subfield><subfield code="d">YOX</subfield><subfield code="d">NYS</subfield><subfield code="d">OCL</subfield><subfield code="d">OCLCQ</subfield><subfield code="d">OCLCF</subfield><subfield code="d">OCLCO</subfield></datafield><datafield ind1=" " ind2=" " tag="012"><subfield code="b">3</subfield><subfield code="i">9008</subfield><subfield code="k">1</subfield><subfield code="m">1</subfield></datafield><datafield ind1=" " ind2=" " tag="019"><subfield code="a">9344009</subfield></datafield><datafield ind1="1" ind2=" " tag="022"><subfield code="a">0199-2538</subfield><subfield code="l">0199-2538</subfield><subfield code="2">1</subfield></datafield><datafield ind1=" " ind2=" " tag="032"><subfield code="a">694620</subfield><subfield code="b">USPS</subfield></datafield><datafield ind1="0" ind2=" " tag="041"><subfield code="a">weleng</subfield></datafield><datafield ind1=" " ind2=" " tag="042"><subfield code="a">nsdp</subfield><subfield code="a">msc</subfield></datafield><datafield ind1=" " ind2=" " tag="043"><subfield code="a">n-us---</subfield><subfield code="a">n-us-ny</subfield></datafield><datafield ind1="0" ind2="4" tag="082"><subfield code="a">325.24205</subfield></datafield><datafield ind1="0" ind2=" " tag="130"><subfield code="a">Drych (New York, N.Y. : 1859)</subfield></datafield><datafield ind1=" " ind2="2" tag="222"><subfield code="a">Y Drych</subfield></datafield><datafield ind1="0" ind2="4" tag="242"><subfield code="a">The Mirror.</subfield><subfield code="y">eng</subfield></datafield><datafield ind1="1" ind2="2" tag="245"><subfield code="a">Y Drych.</subfield></datafield><datafield ind1="3" ind2="1" tag="246"><subfield code="a">Mirror</subfield></datafield><datafield ind1=" " ind2=" " tag="260"><subfield code="a">New York, N.Y. :</subfield><subfield code="b">Richards &amp; Jones</subfield></datafield><datafield ind1=" " ind2=" " tag="300"><subfield code="a">v. :</subfield><subfield code="b">ill.</subfield></datafield><datafield ind1=" " ind2=" " tag="310"><subfield code="a">Weekly</subfield></datafield><datafield ind1="1" ind2=" " tag="362"><subfield code="a">Ceased in 1877?</subfield></datafield><datafield ind1=" " ind2=" " tag="500"><subfield code="a">Parallel title: Mirror, &lt;1869-1876&gt;.</subfield></datafield><datafield ind1=" " ind2=" " tag="500"><subfield code="a">Published at Utica, N.Y., &lt;1865-1877&gt;.</subfield></datafield><datafield ind1=" " ind2=" " tag="500"><subfield code="a">Editors: J. William Jones, &lt;1865-1876&gt;; J.C. Roberts, &lt;1876&gt;.</subfield></datafield><datafield ind1=" " ind2=" " tag="500"><subfield code="a">Publishers: Richards &amp; Jones, &lt;1859&gt;; John Mather Jones, &lt;1869&gt;; Thomas J. Griffiths, &lt;1876-1877&gt;.</subfield></datafield><datafield ind1=" " ind2=" " tag="546"><subfield code="a">In Welsh; some notices in English, &lt;1863-1877&gt;.</subfield></datafield><datafield ind1=" " ind2=" " tag="588"><subfield code="a">Description based on: Cyf. 9, rhif. 24 (Meh. 11, 1859).</subfield></datafield><datafield ind1=" " ind2="0" tag="650"><subfield code="a">Welsh</subfield><subfield code="z">United States</subfield><subfield code="v">Newspapers.</subfield></datafield><datafield ind1=" " ind2="0" tag="651"><subfield code="a">Utica (N.Y.)</subfield><subfield code="v">Newspapers.</subfield></datafield><datafield ind1=" " ind2="0" tag="651"><subfield code="a">New York (N.Y.)</subfield><subfield code="v">Newspapers.</subfield></datafield><datafield ind1=" " ind2="7" tag="655"><subfield code="a">Newspapers.</subfield><subfield code="2">fast</subfield><subfield code="0">(OCoLC)fst01423814</subfield></datafield><datafield ind1=" " ind2="7" tag="650"><subfield code="a">Welsh.</subfield><subfield code="2">fast</subfield><subfield code="0">(OCoLC)fst01173757</subfield></datafield><datafield ind1=" " ind2="7" tag="651"><subfield code="a">New York (State)</subfield><subfield code="z">New York.</subfield><subfield code="2">fast</subfield><subfield code="0">(OCoLC)fst01204333</subfield></datafield><datafield ind1=" " ind2="7" tag="651"><subfield code="a">New York (State)</subfield><subfield code="z">Utica.</subfield><subfield code="2">fast</subfield><subfield code="0">(OCoLC)fst01207805</subfield></datafield><datafield ind1=" " ind2="7" tag="651"><subfield code="a">United States.</subfield><subfield code="2">fast</subfield><subfield code="0">(OCoLC)fst01204155</subfield></datafield><datafield ind1=" " ind2=" " tag="752"><subfield code="a">United States</subfield><subfield code="b">New York</subfield><subfield code="c">Oneida</subfield><subfield code="d">Utica.</subfield></datafield><datafield ind1=" " ind2=" " tag="752"><subfield code="a">United States</subfield><subfield code="b">New York</subfield><subfield code="c">New York</subfield><subfield code="d">New York.</subfield></datafield><datafield ind1="0" ind2=" " tag="775"><subfield code="t">Drych (Lackawanna &amp; Wyoming Valleys ed.)</subfield></datafield><datafield ind1="0" ind2="0" tag="780"><subfield code="t">Drych a'r gwyliedydd</subfield><subfield code="w">(DLC)sn 85026669</subfield><subfield code="w">(OCoLC)12329963</subfield></datafield><datafield ind1="0" ind2="7" tag="785"><subfield code="t">Baner America</subfield><subfield code="w">(DLC)sn 86053266</subfield><subfield code="w">(OCoLC)13387636</subfield></datafield><datafield ind1="0" ind2="7" tag="785"><subfield code="t">Drych. A baner America</subfield><subfield code="w">(DLC)sn 93063696</subfield><subfield code="w">(OCoLC)29339874</subfield></datafield><datafield ind1=" " ind2=" " tag="850"><subfield code="a">KU-S</subfield><subfield code="a">MH</subfield></datafield></record>